%% Web %%

@online{ cuda-zone,
	author  = "NVIDIA Corporation",
	title   = "Offizielle CUDA Webseite NVIDIA Developer",
	url     = "https://developer.nvidia.com/cuda-zone",
	year    = 2021,
	urldate = "2021-06-29"
}

@online{ gtx1080,
	author  = "NVIDIA Corporation",
	title   = "Nvidia Geforce GTX 10 Serie",
	url     = "https://www.nvidia.com/de-de/geforce/10-series/",
	year    = 2021,
	urldate = "2021-06-29"
}


@online{ brLibWav,
	author  = "British Library Digital Preservation Team",
	title   = "WAVE PCM soundfile format",
	url     = "https://wiki.dpconline.org/images/archive/4/46/20160217163258!WAV_Assessment_v1.0.pdf",
	year    = 2021,
	urldate = "2021-07-04"
}

@online{ Sapp,
	author  = "Craig Stuart soundfile++ App (Sapp)",
	title   = "WAV Format Assessment",
	url     = "http://soundfile.sapp.org/doc/WaveFormat/",
	year    = 2021,
	urldate = "2021-07-04"
}

@online{ wind_effect,
	author  = "'Alex'",
	title   = "Wind Besipiel Audacity Forum",
	url     = "https://www.audacity-forum.de/download/edgar/nyquist/nyquist-doc/examples/rbd/15-wind-tutorial.htm",
	year    = 2021,
	urldate = "2021-07-04"
}

@online{ ny_manual,
	author  = "Roger B. Dannenberg",
	title   = "Nyquist Reference Manual",
	url     = "http://www.cs.cmu.edu/~rbd/doc/nyquist/nyquistman.pdf",
	year    = 2021,
	urldate = "2021-07-04"
}

@online{ nyquist_official,
	author  = "Audacity",
	title   = "Nyquist Audacity",
	url     = "https://www.audacityteam.org/about/nyquist/",
	year    = 2021,
	urldate = "2021-07-04"
}
@online{ arenz_fourier,
	author  = "Patrick Arenz",
	title   = "Arenz Fouriertransformation",
	url     = "https://www.math.uni-trier.de/~schulz/Prosem-0405/Arenz.pdf",
	year    = 2005,
	urldate = "2021-07-04"
}

@online{ de_moivre,
	author  = "Cynthia Scheider",
	title   = "De Moivre Theorem",
	url     = "http://citeseerx.ist.psu.edu/viewdoc/download?doi=10.1.1.722.2485&rep=rep1&type=pdf",
	year    = 2011,
	urldate = "2021-07-04"
}

@online{ ms_docs_fopen,
	author  = "Microsoft",
	title   = "Microsoft Docs für fopen_s",
	url     = "https://docs.microsoft.com/de-de/cpp/c-runtime-library/reference/fopen-s-wfopen-s?view=msvc-160",
	urldate = "2021-07-04"
}

@online{ ms_docs_winsock,
	author  = "Microsoft",
	title   = "Microsoft Docs für socket",
	url     = "https://docs.microsoft.com/en-us/windows/win32/api/winsock2/nf-winsock2-socket",
	urldate = "2021-07-04"
}

@online{ nvidia_docs_grid,
	author  = "NVIDIA",
	title   = "CUDA Developer Blog",
	url     = "https://developer.nvidia.com/blog/cuda-refresher-cuda-programming-model/",
	urldate = "2021-07-04"
}


@online{ nvidia_docs_best_practice,
	author  = "NVIDIA",
	title   = "CUDA docs",
	url     = "https://docs.nvidia.com/cuda/cuda-c-best-practices-guide/index.html",
	urldate = "2021-07-04"
}


@online{ pycuda_docs,
	author  = "PyCUDA Dokumentation",
	title   = "PyCUDA Docs",
	url     = "https://documen.tician.de/pycuda/",
	urldate = "2021-07-04"
}

@online{ atricle_audiotracing,
	author  = "btarunr",
	title   = "Tech Powerup Artikel zu Audio Raycasting",
	url     = "https://www.techpowerup.com/246820/nvidia-does-a-trueaudio-rt-cores-also-compute-sound-ray-tracing",
	urldate = "2021-07-04"
}

@online{ rwth_survey_categories,
	author  = "RWTH Aachen",
	title   = "Forschungsgebiete Höhrtechnik und Akustik der RWTH Aachen",
	url     = "https://www.akustik.rwth-aachen.de/cms/Institut-fuer-Hoertechnik-und-Akustik/Forschung/~fnru/Forschungsgebiete-Medizinische-Akustik/",
	urldate = "2021-07-04"
}